@inproceedings{kuppam11,
author = "Arun Kuppam and Rachel Copperman and Tom Rossi and Vladimir Livshits and Lavanya Vallabhaneni and Ted Brown and Kathy DeBoer",
title = "Innovative Methods to Collecting Data for Special Events and Modeling Travel Related to Special Events",
booktitle = " Innovations in Travel Modeling 2010 Conference",
year = 2010,
month = "May",
address = "Tempe AZ",
}

@book{murthy01,
author = "Narasimha Murthy and Henry Mohle",
title = "Transportation {E}ngineering {B}asics",
publisher = "American {S}ociety of {C}ivil {E}ngineers",
year = 2001,
edition = "second",
month = "July",
}

@manual{ite08,
title = "Trip {G}eneration",
edition = "eighth",
month = "December",
year = 2008,
organization = "ITE",
}

@book{blah,
author= "none",
title = "none",
publisher = "none",
year = 1990,
edition = "1",
}