@inproceedings{kuppam11,
author = "Arun Kuppam and Rachel Copperman and Tom Rossi and Vladimir Livshits and Lavanya Vallabhaneni and Ted Brown and Kathy DeBoer",
title = "Innovative Methods to Collecting Data for Special Events and Modeling Travel Related to Special Events",
booktitle = "Innovations in Travel Modeling 2010 Conference",
year = 2010,
month = "May",
address = "Tempe AZ",
}

@book{murthy01,
author = "Narasimha Murthy and Henry Mohle",
title = "Transportation {E}ngineering {B}asics",
publisher = "American {S}ociety of {C}ivil {E}ngineers",
year = 2001,
edition = "Second edition",
month = "July",
}

@manual{ite08,
title = "Trip {G}eneration",
edition = "Eighth edition",
month = "December",
year = 2008,
organization = "ITE",
}

@online{espn-attendance,
editor = "ESPN",
title = "2012 NFL Footbal Attendance",
url = "http://espn.go.com/nfl/attendance",
urldate = "2012-12-13",
date = "2012-12",
}

@online{eagles-go-green,
editor = "Eagles",
title = "Go Green",
url = "http://prod.static.eagles.clubs.nfl.com/assets/images/community/go_green_playbookv9.pdf",
urldate = "2012-12-13",
date = "2011",
}

@article{time-mag,
author = "Bryan Walsh",
title = "The NFL's Philadelphia Eagles Go Green",
journal = "{TIME}",
year = 2010,
month = 11,
day = 18,
url = "http://science.time.com/2010/11/18/sports-the-nfls-philadelphia-eagles-go-green/",
urldate = "2012-10-01",
}

@manual{nchrp,
title = "Advanced Practices in Travel Forecasting",
year = 2010,
organization = "{T}ransportation {R}esearch {B}oard",
address = "{W}ashington {D}.{C}.",
url = "http://onlinepubs.trb.org/onlinepubs/nchrp/nchrp_syn_406.pdf",
}

@online{metro-council,
editor = "{M}etropolitan {W}ashington {C}ouncil of {G}overnments",
title = "Transportation Models and Forecasts",
url = "http://www.mwcog.org/transportation/activities/models/",
urldate = "2012-11-13",
}

@inproceedings{dallas,
author = "Iwuchukwu, Paul C.",
title = "Dallas Cowboys Stadium Special Event Planning and Operation",
booktitle = "{T}he {G}reater {F}ort {W}orth {T}ex{ITE} {M}eeting",
date = "2010-03-18",
}

@online{suncorp,
editor = "{S}uncorp {S}tadium",
title = "Transport Management",
url = "http://www.suncorpstadium.com.au/Event_Info/Transport_Management.aspx",
urldate = "2012-10-26",
}

@article{kitamura1988,
  title={An evaluation of activity-based travel analysis},
  author={Kitamura, R.},
  journal={Transportation},
  volume={15},
  number={1},
  pages={9--34},
  year={1988},
  publisher={Springer}
}

@article{bowman2001,
  title={Activity-based disaggregate travel demand model system with activity schedules},
  author={Bowman, J.L. and Ben-Akiva, M.E.},
  journal={Transportation Research Part A: Policy and Practice},
  volume={35},
  number={1},
  pages={1--28},
  year={2001},
  publisher={Elsevier}
}

@article{mcnally2000activity,
  title={The activity-based approach},
  author={McNally, M.G.},
  journal={Handbook of transport modelling},
  pages={53--69},
  year={2000},
  publisher={Pergamon Press, Oxford}
}

@article{henson2009assessment,
  title={An assessment of activity-based modeling and simulation for applications in operational studies, disaster preparedness, and homeland security},
  author={Henson, K.M. and Goulias, K.G. and Golledge, R.G.},
  journal={Transportation Letters: The International Journal of Transportation Research},
  volume={1},
  number={1},
  pages={19--39},
  year={2009},
  publisher={J Ross Publishing}
}

@inproceedings{li2010multiobjective,
  title={Multiobjective evacuation route assignment model based on genetic algorithm},
  author={Li, Q. and Fang, Z. and Li, Q. and Zong, X.},
  booktitle={Geoinformatics, 2010 18th International Conference on},
  pages={1--5},
  year={2010},
  organization={IEEE}
}

@online{gunda,
editor = "{G}unda {C}orporation",
title = "{U}niversity of {H}ouston {G}ame {D}ay {P}lan",
url = "http://gundacorp.com/project/university-of-houston-game-day-plan/",
urldate = "2012-10-26",
}

@online{robertson-stadium,
editor = "{H}ouston {U}niversity",
title = "John O'Quinn Field at Robertson Stadium",
url = "http://www.uhcougars.com/facilities/hou-robertson.html",
urldate = "2012-10-22",
}

@online{akamai,
editor = "Akamai",
title = {Akamai Reveals 2 Seconds as the New Threshold of Acceptability for eCommerce Web Page Response Times},
url = "http://www.akamai.com/html/about/press/releases/2009/press_091409.html",
urldate = "2009-09-14",
date = "2013-04",
}

@online{two-seconds,
title = {What's the optimal server response time?},
author = {Maile Ohye},
url = "http://maileohye.com/optimal-server-response-time/",
urldate = "2010-03-23",
}

@book{king2013website,
  title={Website optimization},
  author={King, Andrew B},
  year={2013},
  publisher={O'Reilly Media}
}

@inproceedings{networkx,
author = {Aric A. Hagberg and Daniel A. Schult and Pieter J. Swart},
title = {Exploring network structure, dynamics, and function using {NetworkX}},
year = {2008},
month = Aug,
urlpdf = {http://math.lanl.gov/~hagberg/Papers/hagberg-2008-exploring.pdf},
booktitle = {Proceedings of the 7th Python in Science Conference (SciPy2008)},
editors = {G\"{a}el Varoquaux, Travis Vaught, and Jarrod Millman},
address = {Pasadena, CA USA},
pages = {11--15}
}

@Article{igraph,
    title = {The igraph software package for complex network research},
    author = {Gabor Csardi and Tamas Nepusz},
    journal = {InterJournal},
    volume = {Complex Systems},
    pages = {1695},
    year = {2006},
    url = {http://igraph.sf.net},
  }

@Article{glpk,
title = {GNU Linear Programming Kit, Version 4.49},
url = {http://www.gnu.org/software/glpk/}
}

@online{cgi-benchmark,
url = {http://mark.stosberg.com/blog/2008/11/startup-benchmarks-for-mojo-catalyst-titanium-httpengine-and-cgiapplication.html},
title = {Startup benchmarks for Mojo, Catalyst, Titanium, HTTP::Engine, CGI::Application and CGI.pm},
author = {Mark Stosberg},
date = {2008-11-15},
}

@article{grava2000get,
  title={Get Me to the Ball Game on Time: Access Time Patterns at Baseball Stadia},
  author={Grava, Sigurd and Nangle, Fred},
  journal={Transportation Research Record: Journal of the Transportation Research Board},
  volume={1735},
  number={1},
  pages={91--98},
  year={2000},
  publisher={Trans Res Board}
}

@techreport{stadia-and-arenas,
title={Traffic Operations Planning for Stadia and Arenas},
month={February},
year={1994},
institution={ITE Technical Council Committee},
author={Joseph Guyton},
number={6A-50}
}

@online{php-memory,
title={Python equivalent of PHP's memory get usage()?},
author={Nathan Craike},
date={2011-10-11}
}

@incollection{george2008time,
  title={Time-aggregated graphs for modeling spatio-temporal networks},
  author={George, Betsy and Shekhar, Shashi},
  booktitle={Journal on Data Semantics XI},
  pages={191--212},
  year={2008},
  publisher={Springer}
}

@article{schulz2000dijkstra,
  title={Dijkstra's algorithm on-line: an empirical case study from public railroad transport},
  author={Schulz, Frank and Wagner, Dorothea and Weihe, Karsten},
  journal={Journal of Experimental Algorithmics (JEA)},
  volume={5},
  pages={12},
  year={2000},
  publisher={ACM}
}

@article{schulz2005timetable,
  title={Timetable information and shortest paths},
  author={Schulz, Frank},
  journal={Dizerta{\v{c}}n{\'\i} pr{\'a}ce, Universit{\"a}t Karlsruhe (TH), Fakult{\"a}t Informatik},
  year={2005}
}

@article{van2007modeling,
  title={Modeling traffic flows with queueing models: a review},
  author={Van Woensel, Tom and Vandaele, Nico},
  journal={Asia-Pacific Journal of Operational Research},
  volume={24},
  number={04},
  pages={435--461},
  year={2007},
  publisher={World Scientific}
}

@incollection{kohler2002time,
  title={Time-expanded graphs for flow-dependent transit times},
  author={K{\"o}hler, Ekkehard and Langkau, Katharina and Skutella, Martin},
  booktitle={Algorithmsâ€”ESA 2002},
  pages={599--611},
  year={2002},
  publisher={Springer}
}

@article{xuan2003computing,
  title={Computing shortest, fastest, and foremost journeys in dynamic networks},
  author={Xuan, B Bui and Ferreira, Afonso and Jarry, Aubin},
  journal={International Journal of Foundations of Computer Science},
  volume={14},
  number={02},
  pages={267--285},
  year={2003},
  publisher={World Scientific}
}

@article{florian2008application,
  title={Application of a simulation-based dynamic traffic assignment model},
  author={Florian, Michael and Mahut, Michael and Tremblay, Nicolas},
  journal={European Journal of Operational Research},
  volume={189},
  number={3},
  pages={1381--1392},
  year={2008},
  publisher={Elsevier}
}